@article{Jerabek2022,
  title   = {Collection of datasets with DNS over HTTPS traffic},
  journal = {Data in Brief},
  volume  = {42},
  year    = {2022},
  doi     = {https://doi.org/10.1016/j.dib.2022.108310},
  url     = {https://www.sciencedirect.com/science/article/pii/S2352340922005121},
  urldate = {2022-01-07},
  author  = {Kamil Jeřábek and Karel Hynek and Tomáš Čejka and Ondřej Ryšavý}
}

@article{Muraleedharan2021,
  title   = {A deep learning based HTTP slow DoS classification approach using flow data},
  journal = {ICT Express},
  volume  = {7},
  year    = {2021},
  doi     = {https://doi.org/10.1016/j.icte.2020.08.005},
  url     = {https://www.sciencedirect.com/science/article/pii/S2405959520300965},
  urldate = {2022-01-08},
  author  = {Muraleedharan N and Janet B}
}
